@article{tagliapietra2010benthic,
  title={Benthic fauna: collection and identification of macrobenthic invertebrates},
  author={Tagliapietra, Davide and Sigovini, Marco},
  journal={Terre et Environnement},
  volume={88},
  pages={253--261},
  year={2010}
}

@article{herrera2019pastos,
  title={Pastos marinos},
  author={Herrera-Silveira, Jorge A and Morales-Ojeda, Sara M and Mendoza-Mart{\'\i}nez, Juan E and Medina-G{\'o}mez, Israel and Ramirez-Ramirez, Javier and Sandoval-Gil, Jos{\'e} M and Camacho-Ibar, V{\'\i}ctor F},
  journal={Estado del ciclo del carbono: Agenda azul y verde},
  pages={150--177},
  year={2019}
}

@article{sanchez2007analisis,
  title={An{\'a}lisis de la biodiversidad de algas marinas situadas entre Uaymit{\'u}n y Chuburn{\'a}, Yucat{\'a}n},
  author={S{\'a}nchez-Molina, I and Gonz{\'a}lez-Ceballos, J and Zetina-Moguel, C and Casanova-Cetz, R},
  journal={Ingenier{\'\i}a},
  volume={11},
  number={1},
  pages={43--51},
  year={2007},
  publisher={Universidad Aut{\'o}noma de Yucat{\'a}n}
}

@MISC{1834/36164,
	year = {2012},
	author = {Rosado-Espinosa, L.A. and Orteg칩n-Aznar, I. and Ruiz Z치rate, M.A.},
	title = {Caracterizaci칩n Estructural de los Mantos Algales como Recurso Natural Explotableen el Area Natural Protegida de Dzilam de Bravo, Yucat치n, Mexico},
	url = {http://hdl.handle.net/1834/36164}
}
